@online{blockly,
    author = "Google",
    title = "Blockly. A JavaScript library for building visual programming editors.",
    url  = "https://developers.google.com/blockly/",
    addendum = "(accedido: 31.ago.2021)",
    keywords = "blockly, dev",
    howpublished={\url{https://developers.google.com/blockly/}},
}

@online{zamba,
    author = "Gus del Dago and Vir Brassesco and Estefania Miguel",
    title = "Zamba",
    url  = "https://gdeldago.github.io/zamba/zamba.html",
    howpublished={\url{https://gdeldago.github.io/zamba/zamba.html}},
    addendum = "(accedido: 31.ago.2021)",
    keywords = "zamba, plataforma"
}